@article{barber-1996,
   author = {Barber, C. B. and Dobkin, D. P. and Huhdanpaa, H.},
   title = {The {Quickhull} algorithm for convex hulls},
   journal = {ACM Transactions on Mathematical Software},
   volume = {22},
   number = {4},
   pages = {469-483},
   DOI = {10.1145/235815.235821},
   year = {1996},
   type = {Journal Article}
}

@article{barnett-1976,
   author = {Barnett, V.},
   title = {The ordering of multivariate data},
   journal = {Journal of the Royal Statistical Society. Series A},
   volume = {139},
   number = {3},
   pages = {318-355},
   DOI = {10.2307/2344839},
   year = {1976},
   type = {Journal Article}
}

@book{de-berg-2008,
   author = {de Berg, M. and Cheong, O. and van Kreveld, M. and Overmars, M.},
   title = {Computational Geometry},
   publisher = {Springer},
   address = {Berlin},
   edition = {3rd},
   DOI = {10.1007/978-3-540-77974-2},
   year = {2008},
   type = {Book}
}

@article{delaunay-1934,
   author = {Delaunay, B.},
   title = {Sur la sphère vide},
   journal = {Bulletin de l'Académie des Sciences de l'URSS, Classe des Sciences Mathématiques et Naturelles},
   volume = {6},
   pages = {793-800},
   year = {1934},
   type = {Journal Article}
}

@article{edelsbrunner-1994,
   author = {Edelsbrunner, H. and Mücke, E. P.},
   title = {Three-dimensional alpha shapes},
   journal = {ACM Transactions on Graphics},
   volume = {13},
   number = {1},
   pages = {43-72},
   DOI = {10.1145/174462.156635},
   year = {1994},
   type = {Journal Article}
}

@article{gabriel-1969,
   author = {Gabriel, K. R. and Sokal, R. R.},
   title = {A new statistical approach to geographic variation analysis},
   journal = {Systematic Biology},
   volume = {18},
   number = {3},
   pages = {259-278},
   DOI = {10.2307/2412323},
   year = {1969},
   type = {Journal Article}
}

@article{huber-1972,
   author = {Huber, P. J.},
   title = {Robust statistics: a review},
   journal = {The Annals of Mathematical Statistics},
   volume = {43},
   number = {4},
   pages = {1041-1067},
   year = {1972},
   type = {Journal Article}
}

@book{klette-2004,
   author = {Klette, R. and Rosenfeld, A.},
   title = {Digital Geometry},
   publisher = {Morgan Kaufmann},
   address = {San Francisco},
   DOI = {10.1016/B978-1-55860-861-0.X5000-7},
   year = {2004},
   type = {Book}
}

@article{rosenfeld-1989,
   author = {Rosenfeld, A. and Melter, R. A.},
   title = {Digital geometry},
   journal = {The Mathematical Intelligencer},
   volume = {11},
   number = {3},
   pages = {69-72},
   DOI = {10.1007/BF03025195},
   year = {1989},
   type = {Journal Article}
}

@article{rosenfeld-1998,
   author = {Rosenfeld, A.},
   title = {Fuzzy geometry an updated overview},
   journal = {Information Sciences},
   volume = {110},
   number = {3-4},
   pages = {127-133},
   DOI = {10.1016/S0020-0255(98)10038-5},
   year = {1998},
   type = {Journal Article}
}

@article{toussaint-1980,
   author = {Toussaint, G. T.},
   title = {The relative neighbourhood graph of a finite planar set},
   journal = {Pattern Recognition},
   volume = {12},
   number = {4},
   pages = {261-268},
   DOI = {10.1016/0031-3203(80)90066-7},
   year = {1980},
   type = {Journal Article}
}

@article{urquhart-1980,
   author = {Urquhart, R. B.},
   title = {Algorithms for computation of relative neighbourhood graph},
   journal = {Electronics Letters},
   volume = {16},
   number = {14},
   pages = {556-557},
   DOI = {10.1049/el:19800386},
   year = {1980},
   type = {Journal Article}
}